<record><leader>00000cas a22000007a 4500</leader><controlfield tag="001">20118996</controlfield><controlfield tag="007">hd afu---buca</controlfield><controlfield tag="008">890803d17921823ctuwr nea     0    0eng d</controlfield><datafield ind1=" " ind2=" " tag="010"><subfield code="a">sn 94031349 </subfield></datafield><datafield ind1=" " ind2=" " tag="040"><subfield code="a">VA@</subfield><subfield code="b">eng</subfield><subfield code="c">VA@</subfield><subfield code="d">HUL</subfield><subfield code="d">OCL</subfield><subfield code="d">OCLCG</subfield><subfield code="d">OCLCQ</subfield><subfield code="d">OCLCF</subfield><subfield code="d">OCLCO</subfield></datafield><datafield ind1=" " ind2=" " tag="012"><subfield code="i">9412</subfield></datafield><datafield ind1="1" ind2=" " tag="029"><subfield code="a">AU@</subfield><subfield code="b">000011507790</subfield></datafield><datafield ind1=" " ind2=" " tag="042"><subfield code="a">msc</subfield></datafield><datafield ind1=" " ind2=" " tag="043"><subfield code="a">n-us-ct</subfield></datafield><datafield ind1=" " ind2="4" tag="050"><subfield code="a">AN12.M5</subfield><subfield code="b">M5</subfield></datafield><datafield ind1="0" ind2=" " tag="130"><subfield code="a">Middlesex gazette (Middletown, Conn. : 1792)</subfield></datafield><datafield ind1="1" ind2="4" tag="245"><subfield code="a">The Middlesex gazette</subfield><subfield code="h">[microform].</subfield></datafield><datafield ind1=" " ind2=" " tag="260"><subfield code="a">Middletown [Conn.] :</subfield><subfield code="b">Printed by Moses H. Woodward,</subfield><subfield code="c">1792-[1823]</subfield></datafield><datafield ind1=" " ind2=" " tag="300"><subfield code="a">31 v. :</subfield><subfield code="b">ill. ;</subfield><subfield code="c">43-54 cm.</subfield></datafield><datafield ind1=" " ind2=" " tag="310"><subfield code="a">Weekly</subfield></datafield><datafield ind1="0" ind2=" " tag="362"><subfield code="a">Vol. 7, no. 328 (Mar. 3, 1792)-v. 37, no. 1938 (Jan. 16, 1823).</subfield></datafield><datafield ind1=" " ind2=" " tag="500"><subfield code="a">Published by T. Dunning, 1797-1800.</subfield></datafield><datafield ind1=" " ind2=" " tag="500"><subfield code="a">Printers: M.H. Woodward &amp; Co., 1796; M.H. Woodward, 1796-1797; Tertius Dunning, 1797-1800; T. &amp; J.B. Dunning, 1801-&lt;1810&gt;; T. Dunning, 1811-&lt;1822&gt;; E. &amp; H. Clark, &lt;1824&gt;, &lt;1826-1827&gt;; E. &amp; H. Clark and T.N. Parmelee, &lt;1828&gt;.</subfield></datafield><datafield ind1=" " ind2=" " tag="500"><subfield code="a">Issues for Jan. 4, 1821-Jan. 16, 1823 filmed with the later title.</subfield></datafield><datafield ind1=" " ind2=" " tag="533"><subfield code="a">Microfilm.</subfield><subfield code="b">New Canaan, CT :</subfield><subfield code="c">Readex Microprint Corp.</subfield><subfield code="e">microfilm reels ; 35 mm.</subfield><subfield code="f">(Early American newspapers).</subfield></datafield><datafield ind1=" " ind2="0" tag="651"><subfield code="a">Middletown (Conn.)</subfield><subfield code="v">Newspapers.</subfield></datafield><datafield ind1=" " ind2="7" tag="655"><subfield code="a">Newspapers.</subfield><subfield code="2">fast</subfield><subfield code="0">(OCoLC)fst01423814</subfield></datafield><datafield ind1=" " ind2="7" tag="651"><subfield code="a">Connecticut</subfield><subfield code="z">Middletown.</subfield><subfield code="2">fast</subfield><subfield code="0">(OCoLC)fst01208112</subfield></datafield><datafield ind1="1" ind2=" " tag="700"><subfield code="a">Woodward, Moses Hawkins,</subfield><subfield code="d">1761-1804.</subfield></datafield><datafield ind1="1" ind2=" " tag="700"><subfield code="a">Dunning, Tertius,</subfield><subfield code="d">1770-1823.</subfield></datafield><datafield ind1="1" ind2=" " tag="700"><subfield code="a">Dunning, John Botsford,</subfield><subfield code="d">1768?-1825.</subfield></datafield><datafield ind1=" " ind2=" " tag="752"><subfield code="a">United States</subfield><subfield code="b">Connecticut</subfield><subfield code="c">Middlesex</subfield><subfield code="d">Middletown.</subfield></datafield><datafield ind1="0" ind2="0" tag="780"><subfield code="t">Middlesex gazette, or, Federal adviser</subfield><subfield code="w">(OCoLC)20118770</subfield></datafield><datafield ind1="0" ind2="0" tag="785"><subfield code="t">Middlesex gazette and general advertiser</subfield><subfield code="w">(DLC)sn 94031348</subfield><subfield code="w">(OCoLC)28911672</subfield></datafield><datafield ind1=" " ind2="0" tag="830"><subfield code="a">Early American newspapers.</subfield></datafield><datafield ind1=" " ind2=" " tag="850"><subfield code="a">MH</subfield></datafield></record>